<record><leader>00000cas a22000007a 4500</leader><controlfield tag="001">35812549</controlfield><controlfield tag="008">961029d19761984caudn ne      0    0eng d</controlfield><datafield ind1=" " ind2=" " tag="010"><subfield code="a">sn 96064465 </subfield></datafield><datafield ind1=" " ind2=" " tag="040"><subfield code="a">CNK</subfield><subfield code="b">eng</subfield><subfield code="c">CNK</subfield><subfield code="d">OCLCQ</subfield><subfield code="d">OCLCF</subfield><subfield code="d">OCLCO</subfield></datafield><datafield ind1="1" ind2=" " tag="029"><subfield code="a">AU@</subfield><subfield code="b">000012910963</subfield></datafield><datafield ind1=" " ind2=" " tag="042"><subfield code="a">msc</subfield></datafield><datafield ind1=" " ind2=" " tag="043"><subfield code="a">n-us-ca</subfield></datafield><datafield ind1="0" ind2="4" tag="245"><subfield code="a">The daily southeast news &amp; Downey champion.</subfield></datafield><datafield ind1="1" ind2=" " tag="246"><subfield code="i">Friday issues published as:</subfield><subfield code="a">Daily southeast news</subfield><subfield code="f">Oct. 15, 1976-Oct. 19, 1979</subfield></datafield><datafield ind1="3" ind2=" " tag="246"><subfield code="a">Daily southeast news and Downey champion</subfield></datafield><datafield ind1="3" ind2=" " tag="246"><subfield code="a">Southeast news</subfield></datafield><datafield ind1=" " ind2=" " tag="260"><subfield code="a">Downey, Calif. :</subfield><subfield code="b">Downey Newspapers</subfield></datafield><datafield ind1=" " ind2=" " tag="300"><subfield code="a">v.</subfield></datafield><datafield ind1=" " ind2=" " tag="310"><subfield code="a">Daily (except Sat. and Sun.)</subfield></datafield><datafield ind1="0" ind2=" " tag="362"><subfield code="a">Vol. 32, no. 129 (Oct. 14, 1976)-v. 39, no. 243 (Mar. 30, 1984).</subfield></datafield><datafield ind1=" " ind2=" " tag="500"><subfield code="a">"Downey-Norwalk-Bellflower-Paramount-Pico Rivera-Santa Fe Springs."</subfield></datafield><datafield ind1=" " ind2=" " tag="500"><subfield code="a">"The Daily" appears in small print above "Southeast News"; " &amp; Downey Champion" appears in smaller print below "Southeast News."</subfield></datafield><datafield ind1=" " ind2=" " tag="500"><subfield code="a">Publication moved to South Gate, Calif., May 11, 1981.</subfield></datafield><datafield ind1=" " ind2="0" tag="651"><subfield code="a">Downey (Calif.)</subfield><subfield code="v">Newspapers.</subfield></datafield><datafield ind1=" " ind2="0" tag="651"><subfield code="a">Los Angeles County (Calif.)</subfield><subfield code="v">Newspapers.</subfield></datafield><datafield ind1=" " ind2="7" tag="655"><subfield code="a">Newspapers.</subfield><subfield code="2">fast</subfield><subfield code="0">(OCoLC)fst01423814</subfield></datafield><datafield ind1=" " ind2="7" tag="651"><subfield code="a">California</subfield><subfield code="z">Downey.</subfield><subfield code="2">fast</subfield><subfield code="0">(OCoLC)fst01208942</subfield></datafield><datafield ind1=" " ind2="7" tag="651"><subfield code="a">California</subfield><subfield code="z">Los Angeles County.</subfield><subfield code="2">fast</subfield><subfield code="0">(OCoLC)fst01205194</subfield></datafield><datafield ind1=" " ind2=" " tag="752"><subfield code="a">United States</subfield><subfield code="b">California</subfield><subfield code="c">Los Angeles</subfield><subfield code="d">South Gate.</subfield></datafield><datafield ind1=" " ind2=" " tag="752"><subfield code="a">United States</subfield><subfield code="b">California</subfield><subfield code="c">Los Angeles</subfield><subfield code="d">Downey.</subfield></datafield><datafield ind1="0" ind2="0" tag="780"><subfield code="t">Daily southeast news</subfield><subfield code="w">(DLC)sn 83000617</subfield></datafield><datafield ind1="0" ind2="0" tag="785"><subfield code="t">Southeast news signal (South Gate, Calif. : Daily southeast news and Downey champion ed.)</subfield><subfield code="w">(DLC)sn 96064466</subfield></datafield></record>